@misc{bibref1,
  title={New Two-Level Ensemble Method and Its Application to Chemical Compounds Properties Prediction},
  author={ O.V. Senko; A.A. Dokukin; N.N. Kiselyova; V.A. Dudarev; Yu.O. Kuznetsova}
}

@misc{bibref2,
  title={New Machine Learning Algorithm: Random Forest.},
  author={Liu; Y.; Wang, Y.; Zhang; J.},
  year={2012}
}

@misc{Ren_2015_CVPR,
author = {Ren, Shaoqing and Cao, Xudong and Wei, Yichen and Sun, Jian},
title = {Global Refinement of Random Forest},
booktitle = {Proceedings of the IEEE Conference on Computer Vision and Pattern Recognition (CVPR)},
month = {June},
year = {2015}
}


@article{bibrel3,
	annote = {doi: 10.1021/ci034160g},
	author = {Svetnik, Vladimir and Liaw, Andy and Tong, Christopher and Culberson, J. Christopher and Sheridan, Robert P. and Feuston, Bradley P.},
	date = {2003/11/01},
	date-added = {2023-12-07 23:51:18 +0100},
	date-modified = {2023-12-07 23:51:18 +0100},
	doi = {10.1021/ci034160g},
	isbn = {0095-2338},
	journal = {Journal of Chemical Information and Computer Sciences},
	journal1 = {Journal of Chemical Information and Computer Sciences},
	journal2 = {J. Chem. Inf. Comput. Sci.},
	month = {11},
	number = {6},
	pages = {1947--1958},
	publisher = {American Chemical Society},
	title = {Random Forest:  A Classification and Regression Tool for Compound Classification and QSAR Modeling},
	type = {doi: 10.1021/ci034160g},
	url = {https://doi.org/10.1021/ci034160g},
	volume = {43},
	year = {2003},
	year1 = {2003},
	bdsk-url-1 = {https://doi.org/10.1021/ci034160g}}
